<?xml version="1.0" encoding="UTF-8"?><collection xmlns="http://www.loc.gov/MARC21/slim"><record><leader>00404nam--2200133-i-4500</leader><controlfield tag="001">000011024</controlfield><controlfield tag="002">20161230</controlfield><controlfield tag="005">20161230201029</controlfield><controlfield tag="008">060222s1000------------r-----000-0-eng-d</controlfield><datafield ind1=" " ind2=" " tag="080"><subfield code="a">612.8(043):591.15(043)</subfield></datafield><datafield ind1=" " ind2=" " tag="100"><subfield code="a">Bugat, Raymond</subfield></datafield><datafield ind1=" " ind2=" " tag="245"><subfield code="a">Approche genetique des etats de sommeil.etude neurophysiologique chez la souris.these</subfield></datafield><datafield ind1=" " ind2=" " tag="260"><subfield code="a">Lyon, Universite Claude Bernard, 1972. 123 P</subfield></datafield><datafield ind1=" " ind2=" " tag="852"><subfield code="a">40693</subfield></datafield></record></collection>